@article{roth1989mds,
  title={On MDS codes via Cauchy matrices},
  author={Roth, Ron M and Lempel, Abraham},
  journal={IEEE transactions on information theory},
  volume={35},
  number={6},
  pages={1314--1319},
  year={1989},
  publisher={IEEE}
}
@MISC{ph:13:tut,
	author = "J. S. Plank and C. Huang",
	title = "Tutorial: Erasure Coding for Storage Applications",
	howpublished = "Slides presented at FAST-2013: 11th Usenix Conference on File and Storage Technologies",
	month = "February",
	year = "2013",
	address = "San Jose",
	where = "http://web.eecs.utk.edu/~jplank/plank/papers/FAST-2013-Tutorial.html"
}
@inproceedings{patterson1988case,
  title={A case for redundant arrays of inexpensive disks (RAID)},
  author={Patterson, David A and Gibson, Garth and Katz, Randy H},
  booktitle={Proceedings of the 1988 ACM SIGMOD international conference on Management of data},
  pages={109--116},
  year={1988}
}
@article{chen1994raid,
  title={RAID: High-performance, reliable secondary storage},
  author={Chen, Peter M and Lee, Edward K and Gibson, Garth A and Katz, Randy H and Patterson, David A},
  journal={ACM Computing Surveys (CSUR)},
  volume={26},
  number={2},
  pages={145--185},
  year={1994},
  publisher={ACM New York, NY, USA}
}
@misc{anvin2007mathematics,
  title={The mathematics of RAID-6},
  author={Anvin, H Peter},
  year={2007}
}
@misc{rodriguez2006policy,
  title={Policy-based management of a redundant array of independent nodes},
  author={Rodriguez, Andres and Orenstein, Jack A and Shaw, David M and Bernhard, Benjamin KD},
  year={2006},
  month=dec # "~26",
  publisher={Google Patents},
  note={US Patent 7,155,466}
}
@article{reed1960polynomial,
  title={Polynomial codes over certain finite fields},
  author={Reed, Irving S and Solomon, Gustave},
  journal={Journal of the society for industrial and applied mathematics},
  volume={8},
  number={2},
  pages={300--304},
  year={1960},
  publisher={SIAM}
}
@Article{Hunter:2007,
  Author    = {Hunter, J. D.},
  Title     = {Matplotlib: A 2D graphics environment},
  Journal   = {Computing in Science \& Engineering},
  Volume    = {9},
  Number    = {3},
  Pages     = {90--95},
  abstract  = {Matplotlib is a 2D graphics package used for Python for
  application development, interactive scripting, and publication-quality
  image generation across user interfaces and operating systems.},
  publisher = {IEEE COMPUTER SOC},
  doi       = {10.1109/MCSE.2007.55},
  year      = 2007
}
@misc{Emin2018pyfinite,
        publisher = {GitHub},
        title = {pyfinite},
        url = {http://github.com/emin63/pyfinite},
        author = {Emin Martinian},
        note = {[Online; accessed 2020-11-23]},
        date = {2018-12-19},
        year = {2018},
        month = {12},
        day = {19},
}
@misc{Sebastian2020fastapi,
        publisher = {GitHub},
        title = {fastapi},
        url = {https://github.com/tiangolo/fastapi},
        author = {Sebastián Ramírez},
        note = {[Online; accessed 2020-11-23]},
        date = {2020-11-05},
        year = {2020},
        month = {11},
        day = {5},
}
@misc{Robert2020Cython,
        publisher = {cython.org},
        title = {Cython},
        url = {http://cython.org/},
        author = {Robert Bradshaw and Stefan Behnel and Dag Seljebotn and Greg Ewing and et al.},
        note = {[Online; accessed 2020-11-23]},
        date = {2020-07-08},
        year = {2020},
        month = {7},
        day = {8},
}
